@article{me,
    author = "Me, Moi",
    title = "{Private Communications}",
    journal = "OJA",
    arxiv = "0000.0000",
    doi = "000",
    year = 2024
}